@inproceedings{jorney2016,
    author = {Guo, Philip and Kim, Juho and Rubin, Rob},
    year = {2014},
    month = {03},
    pages = {41-50},
    title = {How video production affects student engagement: An empirical study of MOOC videos},
    doi = {10.1145/2556325.2566239}
}

@inproceedings{joyner2017,
  author    = {Joyner, D. A.},
  title     = {Scaling Expert Feedback: Two Case Studies},
  booktitle = {Proceedings of the Fourth Annual ACM Conference on Learning at Scale},
  location  = {Cambridge, Massachusetts},
  year      = {2017}
}

@inproceedings{joyner2018a,
  author    = {Joyner, D. A.},
  title     = {Intelligent Evaluation and Feedback in Support of a Credit-Bearing MOOC},
  booktitle = {Proceedings of the 19th International Conference on Artificial Intelligence in Education},
  location  = {London, United Kingdom},
  publisher = {Springer},
  year      = {2018}
}

@inproceedings{joyner2018b,
  author    = {Joyner, D. A.},
  title     = {Toward CS1 at Scale: Building and Testing a MOOC-for-Credit Candidate},
  booktitle = {Proceedings of the Fifth Annual ACM Conference on Learning at Scale},
  location  = {London, United Kingdom},
  publisher = {ACM Press},
  year      = {2018}
}

@inproceedings{newman2018,
  author    = {Newman, H. and Joyner, D. A.},
  title     = {Sentiment Analysis of Student Evaluations of Teaching},
  booktitle = {Proceedings of the 19th International Conference on Artificial Intelligence in Education},
  location  = {London, United Kingdom},
  publisher = {Springer},
  year      = {2018}
}