@inproceedings{guo1,
    author = {Guo, Philip and Kim, Juho and Rubin, Rob},
    year = {2014},
    month = {03},
    pages = {41-50},
    title = {How video production affects student engagement: An empirical study of MOOC videos},
    doi = {10.1145/2556325.2566239}
}

@article{wood1,
author = {Wood, David and Ross, Gail},
year = {2006},
month = {12},
pages = {89 - 100},
title = {The Role of Tutoring in Problem Solving},
volume = {17},
journal = {Journal of Child Psychology and Psychiatry},
doi = {10.1111/j.1469-7610.1976.tb00381.x}
}

@unpublished{hess1,
author = {Hess, Mark},
year = {2020},
month = {01},
title = {Course Design Reimagined: Using Novice Experience To Teach Expert Knowledge},
}

@unpublished{guida1,
author = {Guida, Carmine},
year = {2020},
month = {01},
title = {High Production Quality on a Low Budget: Videos for Online Courses},
}

@inproceedings{joyner1,
author = {Joyner, David},
year = {2018},
month = {06},
pages = {1-10},
title = {Toward CS1 at scale: building and testing a MOOC-for-credit candidate},
doi = {10.1145/3231644.3231665}
}

@inproceedings{cross1,
author = {Cross, Andrew and Bayyapunedi, Mydhili and Cutrell, Edward and Agarwal, Anant and Thies, William},
year = {2013},
month = {04},
pages = {793-796},
title = {TypeRighting: Combining the benefits of handwriting and typeface in online educational videos},
journal = {Conference on Human Factors in Computing Systems - Proceedings},
doi = {10.1145/2470654.2470766}
}

@article{tackett1,
author = {Tackett, Sean and Slinn, Kyle and Marshall, Tanner and Gaglani, Shiv and Waldman, Vincent and Desai, Rishi},
year = {2018},
month = {01},
pages = {1},
title = {Medical Education Videos for the World: An Analysis of Viewing Patterns for a YouTube Channel},
volume = {93},
journal = {Academic Medicine},
doi = {10.1097/ACM.0000000000002118}
}

@article{leva1,
author = {Levasseur, David and Sawyer, Kanan},
year = {2006},
month = {01},
pages = {101-123},
title = {Pedagogy Meets PowerPoint: A Research Review of the Effects of Computer-Generated Slides in the Classroom},
volume = {6},
journal = {Review of Communication},
doi = {10.1080/15358590600763383}
}

@article{lim1,
title = "Exploring the use of entertainment-education YouTube videos focused on infection prevention and control",
journal = "American Journal of Infection Control",
volume = "46",
number = "11",
pages = "1218 - 1223",
year = "2018",
issn = "0196-6553",
doi = "https://doi.org/10.1016/j.ajic.2018.05.002",
url = "http://www.sciencedirect.com/science/article/pii/S0196655318305753",
author = "Kathryn Lim and Claire Kilpatrick and Julie Storr and Holly Seale",
keywords = "Hand hygiene, Infection control, YouTube, Internet, Health education, Education entertainment, Video, Behavior change",
}

@article{hew1,
title = "Students’ and instructors’ use of massive open online courses (MOOCs): Motivations and challenges",
journal = "Educational Research Review",
volume = "12",
pages = "45 - 58",
year = "2014",
issn = "1747-938X",
doi = "https://doi.org/10.1016/j.edurev.2014.05.001",
url = "http://www.sciencedirect.com/science/article/pii/S1747938X14000128",
author = "Khe Foon Hew and Wing Sum Cheung",
keywords = "MOOC, Massive open online course, Online learning, E-learning, Motivation",
}

@article{hone1,
title = "Exploring the factors affecting MOOC retention: A survey study",
journal = "Computers & Education",
volume = "98",
pages = "157 - 168",
year = "2016",
issn = "0360-1315",
doi = "https://doi.org/10.1016/j.compedu.2016.03.016",
url = "http://www.sciencedirect.com/science/article/pii/S0360131516300793",
author = "Kate S. Hone and Ghada R. El Said",
keywords = "Massive Open Online Courses (MOOCs), Distance education, Telelearning",
}

  @inproceedings{kim1,
 author = {Kim, Juho and Guo, Philip J. and Seaton, Daniel T. and Mitros, Piotr and Gajos, Krzysztof Z. and Miller, Robert C.},
 title = {Understanding In-Video Dropouts and Interaction Peaks In online Lecture Videos},
 year = {2014},
 isbn = {9781450326698},
 publisher = {Association for Computing Machinery},
 address = {New York, NY, USA},
 url = {https://doi.org/10.1145/2556325.2566237},
 doi = {10.1145/2556325.2566237},
 booktitle = {Proceedings of the First ACM Conference on Learning @ Scale Conference},
 pages = {31–40},
 numpages = {10},
 keywords = {video analysis, mooc, interaction peaks, in-video dropout, online education, peak detection.},
 location = {Atlanta, Georgia, USA},
 series = {L@S ’14}
}

  @inproceedings{kiz1,
 author = {Kizilcec, Ren\'{e} F. and Piech, Chris and Schneider, Emily},
 title = {Deconstructing Disengagement: Analyzing Learner Subpopulations in Massive Open Online Courses},
 year = {2013},
 isbn = {9781450317856},
 publisher = {Association for Computing Machinery},
 address = {New York, NY, USA},
 url = {https://doi.org/10.1145/2460296.2460330},
 doi = {10.1145/2460296.2460330},
 booktitle = {Proceedings of the Third International Conference on Learning Analytics and Knowledge},
 pages = {170–179},
 numpages = {10},
 keywords = {learner engagement patterns, learning analytics, MOOCs},
 location = {Leuven, Belgium},
 series = {LAK ’13}
}

  @inproceedings{houston1,
 author = {Houston, Stacey L. and Brady, Katherine and Narasimham, Gayathri and Fisher, Douglas},
 title = {Pass the Idea Please: The Relationship between Network Position, Direct Engagement, and Course Performance in MOOCs},
 year = {2017},
 isbn = {9781450344500},
 publisher = {Association for Computing Machinery},
 address = {New York, NY, USA},
 url = {https://doi.org/10.1145/3051457.3054008},
 doi = {10.1145/3051457.3054008},
 booktitle = {Proceedings of the Fourth (2017) ACM Conference on Learning @ Scale},
 pages = {295–298},
 numpages = {4},
 keywords = {social network analysis, moocs, course performance},
 location = {Cambridge, Massachusetts, USA},
 series = {L@S ’17}
}

@article{yuechen1,
author = {Yue Chen and Qin Gao and Quan Yuan and Yuanli Tang},
title = {Facilitating Students’ Interaction in MOOCs through Timeline-Anchored Discussion},
journal = {International Journal of Human–Computer Interaction},
volume = {35},
number = {19},
pages = {1781-1799},
year  = {2019},
publisher = {Taylor & Francis},
doi = {10.1080/10447318.2019.1574056},

URL = { 
        https://doi.org/10.1080/10447318.2019.1574056
},
eprint = { 
        https://doi.org/10.1080/10447318.2019.1574056
}
}

 @inproceedings{pandey1,
 author = {Pandey, Vineet and Kotturi, Yasmine and Kulkarni, Chinmay and Bernstein, Michael S. and Klemmer, Scott},
 title = {Connecting Stories and Pedagogy Increases Participant Engagement in Discussions},
 year = {2015},
 isbn = {9781450334112},
 publisher = {Association for Computing Machinery},
 address = {New York, NY, USA},
 url = {https://doi.org/10.1145/2724660.2728670},
 doi = {10.1145/2724660.2728670},
 booktitle = {Proceedings of the Second (2015) ACM Conference on Learning @ Scale},
 pages = {253–256},
 numpages = {4},
 keywords = {discussion, small groups, synchronous collaboration, video},
 location = {Vancouver, BC, Canada},
 series = {L@S ’15}
}



